<record><leader>00000cas a22000007a 4500</leader><controlfield tag="001">13502200</controlfield><controlfield tag="008">860428d18901895wvudr ne      0    0eng d</controlfield><datafield ind1=" " ind2=" " tag="010"><subfield code="a">sn 86092526 </subfield></datafield><datafield ind1=" " ind2=" " tag="040"><subfield code="a">WVC</subfield><subfield code="b">eng</subfield><subfield code="c">WVC</subfield><subfield code="d">OCL</subfield><subfield code="d">OCLCQ</subfield></datafield><datafield ind1=" " ind2=" " tag="042"><subfield code="a">msc</subfield></datafield><datafield ind1="0" ind2="0" tag="245"><subfield code="a">Wheeling evening news.</subfield></datafield><datafield ind1="1" ind2="3" tag="246"><subfield code="a">Wheeling news</subfield></datafield><datafield ind1=" " ind2=" " tag="260"><subfield code="a">Wheeling, W. Va. :</subfield><subfield code="b">News Publ. Co.</subfield></datafield><datafield ind1=" " ind2=" " tag="300"><subfield code="a">v.</subfield></datafield><datafield ind1=" " ind2=" " tag="310"><subfield code="a">Daily</subfield></datafield><datafield ind1="1" ind2=" " tag="362"><subfield code="a">Began on Sept. 22, 1890.</subfield><subfield code="z">Cf. The Sunday news-letter (Wheeling, W. Va.), Sept. 21, 1890.</subfield></datafield><datafield ind1=" " ind2=" " tag="500"><subfield code="a">Officers of The News Publ. Co. are the same as those of the Intelligencer. Cf. Wingerter, C.A. Hist. of Greater Wheeling &amp; Vicinity.</subfield></datafield><datafield ind1=" " ind2=" " tag="580"><subfield code="a">Issued also in a Sunday edition entitled: Wheeling Sunday news.</subfield></datafield><datafield ind1=" " ind2=" " tag="588"><subfield code="a">Description based on: Vol. 1, no. 167 (Mar. 7, 1891).</subfield></datafield><datafield ind1=" " ind2=" " tag="752"><subfield code="a">United States</subfield><subfield code="b">West Virginia</subfield><subfield code="c">Ohio</subfield><subfield code="d">Wheeling.</subfield></datafield><datafield ind1="1" ind2=" " tag="775"><subfield code="t">Wheeling Sunday news</subfield><subfield code="w">(DLC)sn 86092525</subfield></datafield><datafield ind1="0" ind2="1" tag="780"><subfield code="t">Sunday news-letter</subfield><subfield code="w">(DLC)sn 86092524</subfield></datafield><datafield ind1="0" ind2="0" tag="785"><subfield code="t">Wheeling daily news</subfield><subfield code="w">(DLC)sn 85038298</subfield></datafield></record>